@book{watson2013strategy,
  title={Strategy: An introduction to game theory},
  author={Watson, Joel},
  year={2013}
}

@book{gibbons1992primer,
  title={A primer in game theory},
  author={Gibbons, Robert},
  year={1992},
  publisher={Harvester Wheatsheaf}
}

@book{mccarty2007political,
  title={Political game theory: an introduction},
  author={McCarty, Nolan and Meirowitz, Adam},
  year={2007},
  publisher={Cambridge University Press}
}

@article{rapoport1999game,
  title={Game theory: contributions to the study of human cognition},
  author={Rapoport, Amnon},
  journal={認知科学},
  volume={6},
  number={2},
  pages={142--167},
  year={1999},
  publisher={Japanese Cognitive Science Society}
}

@article{hykvsova2004several,
  title={Several milestones in the history of game theory},
  author={Hyk{\v{s}}ov{\'a}, M},
  journal={inJubil{\"a}en—Chance oder Plage},
  pages={49--56},
  year={2004}
}

@article{colman2003cooperation,
  title={Cooperation, psychological game theory, and limitations of rationality in social interaction},
  author={Colman, Andrew M},
  journal={Behavioral and brain sciences},
  volume={26},
  number={02},
  pages={139--153},
  year={2003},
  publisher={Cambridge Univ Press}
}


@article{borel:1921,
  title={La th{\'e}orie du jeu et les {\'e}quations int{\'e}grales {\`a} noyau sym{\'e}trique},
  author={Borel, Emile},
  journal={Comptes Rendus de l’Acad{\'e}mie des Sciences},
  volume={173},
  number={1304-1308},
  pages={58},
  year={1921},
}

@article{borel1953games,
  title={On games that involve chance and the skill of the players},
  author={Borel, Emile},
  journal={Econometrica: Journal of the Econometric Society},
  pages={101--115},
  year={1953},
  publisher={JSTOR}
}

@article{von1928theory,
  title={On the theory of parlor games},
  author={von Neumann, J},
  journal={Mathematische Annalen},
  volume={100},
  pages={295--320},
  year={1928}
}

@book{von2007theory,
  title={Theory of games and economic behavior},
  author={Von Neumann, John and Morgenstern, Oskar},
  year={2007},
  publisher={Princeton university press}
}

@article{nash1951non,
  title={Non-cooperative games},
  author={Nash, John},
  journal={Annals of mathematics},
  pages={286--295},
  year={1951},
  publisher={JSTOR}
}

@book{wilensky2015introduction,
  title={An Introduction to Agent-Based Modeling: Modeling Natural, Social, and Engineered Complex Systems with NetLogo},
  author={Wilensky, Uri and Rand, William},
  year={2015},
  publisher={MIT Press}
}

@article{janssen2006empirically,
  title={Empirically based, agent-based models},
  author={Janssen, Marco A and Ostrom, Elinor},
  journal={Ecology and Society},
  volume={11},
  number={2},
  pages={37},
  year={2006}
}

@book{axelrod1984evolution,
  title={The Evolution of Cooperation},
  author={Axelrod, Rober},
  year={1984},
  publisher={Basic Books, Inc., Publishers New York}
}

@article{rendell2001turing,
  title={A Turing machine in Conway's game Life},
  author={Rendell, Paul},
  journal={Полное изложение работы находится на сайте http://www. cs. ualberta. ca/\~{} bulitko F},
  volume={2},
  year={2001}
}

@article{smith1974theory,
  title={The theory of games and the evolution of animal conflicts},
  author={Smith, J Maynard},
  journal={Journal of theoretical biology},
  volume={47},
  number={1},
  pages={209--221},
  year={1974},
  publisher={Elsevier}
}

@article{epstein2007agent,
  title={Agent-Based Computational Models and Generative Social Science [Generative Social Science Studies in Agent-Based Computational Modeling]},
  author={Epstein, Joshua M},
  journal={Introductory Chapters},
  year={2007},
  publisher={Princeton University Press}
}

@incollection{billari2006agent,
  title={Agent-based computational modelling: an introduction},
  author={Billari, Francesco C and Fent, Thomas and Prskawetz, Alexia and Scheffran, J{\"u}rgen},
  booktitle={Agent-Based Computational Modelling},
  pages={1--16},
  year={2006},
  publisher={Springer}
}

@book{axelrod1997complexity,
  title={The complexity of cooperation: Agent-based models of competition and collaboration},
  author={Axelrod, Robert M},
  year={1997},
  publisher={Princeton University Press}
}

@article{bruun2004agent,
  title={Agent-based computational economics-An introduction},
  author={Bruun, Charlotte},
  journal={Dept of Economics, Politics and Public Administration, Aaiborg University, Denmark},
  year={2004}
}

@article{pokkunuri1989object,
  title={Object oriented programming},
  author={Pokkunuri, Bhanu Prasad},
  journal={ACM Sigplan Notices},
  volume={24},
  number={11},
  pages={96--101},
  year={1989},
  publisher={ACM}
}

@article{dyke1989object,
  title={Experiences with object-oriented group support software development},
  author={Dyke, Richard P. Ten and  Kunz, John C.},
  journal={IBM Systems Journal},
  volume={28},
  number={3},
  pages={465--478},
  year={1989},
  publisher={IBM}
}

@book{luna2012economic,
  title={Economic Simulations in Swarm: Agent-based modelling and object oriented programming},
  author={Luna, Francesco and Stefansson, Benedikt},
  volume={14},
  year={2012},
  publisher={Springer Science \& Business Media}
}

@book{osborne2004introduction,
  title={An introduction to game theory},
  author={Osborne, Martin J},
  volume={3},
  number={3},
  year={2004},
  publisher={Oxford University Press New York}
}

@article{darwin1872origin,
  title={The origin of species by means of natural selection},
  author={Darwin, Charles and Britannica, Encyclopaedia},
  year={1872},
  publisher={J. Murray}
}

@book{pallen2009rough,
  title={The rough guide to evolution},
  author={Pallen, Mark},
  year={2009},
  publisher={Dorling Kindersley Ltd}
}

@article{sigmund2004maynard,
  title={John Maynard Smith and evolutionary game theory},
  author={Sigmund, Karl},
  journal={Journal of theoretical biology},
  volume={68},
  pages={7--10},
  year={2004},
  publisher={Elsevier}
}

@article{hamilton1967extraordinary,
  title={Extraordinary sex ratios},
  author={Hamilton, William D},
  journal={Science},
  volume={156},
  number={3774},
  pages={477--488},
  year={1967}
}

@book{vincent2005evolutionary,
  title={Evolutionary game theory, natural selection, and Darwinian dynamics},
  author={Vincent, Thomas L and Brown, Joel S},
  year={2005},
  publisher={Cambridge University Press}
}

@article{mcnamara2010evolutionary,
  title={Evolutionary game theory},
  author={McNamara, John M and Weissing, Franz J},
  journal={Social behaviour: Genes, ecology and evolution},
  pages={109--33},
  year={2010},
  publisher={Cambridge University Press}
}

@book{lendrem2012modelling,
  title={Modelling in behavioural ecology: an introductory text},
  author={Lendrem, Dennis},
  year={2012},
  publisher={Springer Science \& Business Media}
}

@article{smith1976evolution,
  title={Evolution and the theory of games: in situations characterized by conflict of interest, the best strategy to adopt depends on what others are doing},
  author={Smith, J Maynard},
  journal={American Scientist},
  pages={41--45},
  year={1976},
  publisher={JSTOR}
}

@book{carmichael2005guide,
  title={A guide to game theory},
  author={Carmichael, Fiona},
  year={2005},
  publisher={Pearson Education}
}

@article{smith1973lhe,
  title={The Logic of Animal Conflict},
  author={Smith, J Maynard and Price, GR},
  journal={Nature},
  volume={246},
  pages={15},
  year={1973}
}

@book{samuelson1998evolutionary,
  title={Evolutionary games and equilibrium selection},
  author={Samuelson, Larry},
  volume={1},
  year={1998},
  publisher={Mit Press}
}

@article{mckenzie2009evolutionary,
  title={Evolutionary game theory},
  author={McKenzie, Alexander J and Zalta, Edward N},
  year={2009}
}

@article{tucker1983mathematics,
  title={The mathematics of tucker: a sampler},
  author={Tucker, Albert W},
  journal={Two-Year College Mathematics Journal},
  pages={228--232},
  year={1983},
  publisher={JSTOR}
}

@book{easley2010networks,
  title={Networks, crowds, and markets: Reasoning about a highly connected world},
  author={Easley, David and Kleinberg, Jon},
  year={2010},
  publisher={Cambridge University Press}
}

@book{beck2003test,
  title={Test-driven development: by example},
  author={Beck, Kent},
  year={2003},
  publisher={Addison-Wesley Professional}
}

@book{van2003python,
  title={Python language reference manual},
  author={Van Rossum, Guido and Drake, Fred L},
  year={2003},
  publisher={Network Theory}
}

@book{chacon2009pro,
  title={Pro git},
  author={Chacon, Scott},
  year={2009},
  publisher={Apress}
}

@article{march1991exploration,
  title={Exploration and exploitation in organizational learning},
  author={March, James G},
  journal={Organization science},
  volume={2},
  number={1},
  pages={71--87},
  year={1991},
  publisher={INFORMS}
}

@article{torvalds2005git,
  title={Git},
  author={Torvalds, Linus and Hamano, Junio C},
  journal={URL http://git-scm. com},
  year={2005}
}

@book{simon2013evolutionary,
  title={Evolutionary optimization algorithms},
  author={Simon, Dan},
  year={2013},
  publisher={John Wiley \& Sons}
}

@book{boden2006mind,
  title={Mind as machine: A history of cognitive science},
  author={Boden, Margaret Ann},
  year={2006},
  publisher={Oxford University Press}
}

@article{melanie1999introduction,
  title={An introduction to genetic algorithms},
  author={Melanie, Mitchell},
  journal={Cambridge, Massachusetts London, England, Fifth printing},
  volume={3},
  year={1999}
}

@article{golberg1989genetic,
  title={Genetic algorithms in search, optimization, and machine learning},
  author={Golberg, David E},
  journal={Addion wesley},
  volume={1989},
  year={1989}
}

@article{knight2014gt,
  title={Nash Equilibrium},
  author={Knight, Vincent},
  journal={Class Notes},
  volume={1},
  year={2014}
}

@article{gastner2014,
  title={Evolutionary Game Theory},
  author={Gastner, M. T.},
  journal={Class Presentation},
  volume={1},
  year={2014}
}

@article{axelrod2015library,
  title={Axelrod},
  author={Knight, Vincent et al},
  howpublished={\url{http://axelrod.readthedocs.org/en/latest/index.html}},
  note={Accesed 2015-09-01}
}


@article{docutils:2015,
  title={reStructuredText Markup Syntax and Parser Component of Docutils},
  author={Docutils},
  howpublished={\url{http://docutils.sourceforge.net/rst.html}},
  note={Accesed 2015-09-08}
}
